@article{warneken2009roots,
  title={The roots of human altruism},
  author={Warneken, F. and Tomasello, M.},
  journal={British Journal of Psychology},
  volume={100},
  number={3},
  pages={455--471},
  year={2009},
  publisher={Wiley Online Library}
},

@article{tomasello2005understanding,
  title={Understanding and sharing intentions: The origins of cultural cognition},
  author={Tomasello, M. and Carpenter, M. and Call, J. and Behne, T. and Moll, H. and others},
  journal={Behavioral and brain sciences},
  volume={28},
  number={5},
  pages={675--690},
  year={2005},
  publisher={Cambridge Univ Press}
},

@article{bowles2003origins,
  title={Origins of human cooperation},
  author={Bowles, S. and Gintis, H.},
  journal={Genetic and cultural evolution of cooperation},
  pages={429--43},
  year={2003}
},

@misc{tomasello2008origins,
  title={Origins of human cooperation},
  author={TOMasellO, M.C.H.},
  year={2008},
  publisher={Cambridge/Mass./London: MIT Press}
},

@article{de2008putting,
  title={Putting the altruism back into altruism: The evolution of empathy},
  author={De Waal, F.B.M.},
  journal={Annu. Rev. Psychol.},
  volume={59},
  pages={279--300},
  year={2008},
  publisher={Annual Reviews}
},

@article{fehr2003nature,
  title={The nature of human altruism},
  author={Fehr, E. and Fischbacher, U. and others},
  journal={Nature},
  volume={425},
  number={6960},
  pages={785--791},
  year={2003}
},

@article{gansberg196438,
  title={38 Who Saw Murder and Didnâ€™t Call the Police},
  author={Gansberg, M.},
  year={1964}
},

@article{decety2006social,
  title={A social-neuroscience perspective on empathy},
  author={Decety, J. and Jackson, P.L.},
  journal={Current directions in psychological science},
  volume={15},
  number={2},
  pages={54--58},
  year={2006},
  publisher={SAGE Publications}
}